<collection xmlns="http://www.loc.gov/MARC21/slim"><record><leader>00757nam  2200229   450</leader><controlfield tag="001">101</controlfield><controlfield tag="003">http://montalegre.opacnet.com/OPAC/default.aspx?ContentAreaControl=ShowRegHoldings.ascx&amp;RegNo=16662</controlfield><controlfield tag="005">20</controlfield><datafield tag="095" ind1=" " ind2=" "><subfield code="a">PTBN00440857</subfield></datafield><datafield tag="100" ind1=" " ind2=" "><subfield code="a">20061013d1975    m  y0pory010305  ba</subfield></datafield><datafield tag="101" ind1="1" ind2=" "><subfield code="a">por</subfield><subfield code="c">fre</subfield></datafield><datafield tag="102" ind1=" " ind2=" "><subfield code="a">PT</subfield></datafield><datafield tag="200" ind1="1" ind2=" "><subfield code="a">Madame Bovary</subfield><subfield code="f">Gustave Flaubert</subfield><subfield code="g">trad. Daniel Augusto Gonçalves</subfield></datafield><datafield tag="210" ind1=" " ind2=" "><subfield code="a">Porto</subfield><subfield code="c">Civilização</subfield><subfield code="d">1975</subfield></datafield><datafield tag="215" ind1=" " ind2=" "><subfield code="a">470, [1] p.</subfield><subfield code="d">24 cm</subfield></datafield><datafield tag="225" ind1="2" ind2=" "><subfield code="a">Clássicos Civilização</subfield></datafield><datafield tag="675" ind1=" " ind2=" "><subfield code="a">821</subfield><subfield code="v">BN</subfield><subfield code="z">por</subfield></datafield><datafield tag="700" ind1=" " ind2="1"><subfield code="a">Flaubert</subfield><subfield code="b">Gustave</subfield><subfield code="f">1821-1881</subfield></datafield><datafield tag="702" ind1=" " ind2="1"><subfield code="a">Gonçalves</subfield><subfield code="b">Daniel</subfield><subfield code="f">1921-</subfield><subfield code="4">730</subfield></datafield><datafield tag="801" ind1=" " ind2="0"><subfield code="a">PT</subfield><subfield code="b">Biblioteca Municipal de Montalegre</subfield><subfield code="g">RPC</subfield></datafield><datafield tag="856" ind1=" " ind2=" "><subfield code="u">locateMedia.asp?cod=20060509084656&amp;ext=jpg</subfield><subfield code="z">CAPA</subfield></datafield><datafield tag="909" ind1="&#9;" ind2=" "><subfield code="a">2</subfield></datafield><datafield tag="966" ind1=" " ind2=" "><subfield code="a">0008411</subfield><subfield code="l">BMM</subfield><subfield code="s">SCG 821 FLA mad</subfield></datafield><datafield tag="966" ind1=" " ind2=" "><subfield code="a">0008412</subfield><subfield code="l">BMM</subfield><subfield code="s">SCG 821 FLA mad</subfield></datafield></record></collection>